<?xml version="1.0" encoding="UTF-8"?><collection xmlns="http://www.loc.gov/MARC21/slim"><record><leader>00468nam--2200133-i-4500</leader><controlfield tag="001">000019402</controlfield><controlfield tag="002">20161230</controlfield><controlfield tag="005">20161230201033</controlfield><controlfield tag="008">060222s1000------------r-----000-0-eng-d</controlfield><datafield ind1=" " ind2=" " tag="080"><subfield code="a">543.53:015:615.849:543.064</subfield></datafield><datafield ind1=" " ind2=" " tag="100"><subfield code="a">Do Nascimento Neto, Peregrino</subfield></datafield><datafield ind1=" " ind2=" " tag="245"><subfield code="a">Dosage de traces d uranium et de thorium dans les roches par activation neutronique et par spectrophotometrie.these</subfield></datafield><datafield ind1=" " ind2=" " tag="260"><subfield code="a">Grenoble, L Universite Scientifique Et Medicale, 1971. 72 P</subfield></datafield><datafield ind1=" " ind2=" " tag="852"><subfield code="a">38095</subfield></datafield></record></collection>